<record><leader>00000cas a22000007a 4500</leader><controlfield tag="001">32880629</controlfield><controlfield tag="008">950727d18731875miuwr ne      0    0eng d</controlfield><datafield ind1=" " ind2=" " tag="010"><subfield code="a">sn 95068615 </subfield></datafield><datafield ind1=" " ind2=" " tag="040"><subfield code="a">MGN</subfield><subfield code="b">eng</subfield><subfield code="c">MGN</subfield><subfield code="d">OCLCQ</subfield></datafield><datafield ind1=" " ind2=" " tag="042"><subfield code="a">msc</subfield></datafield><datafield ind1="0" ind2=" " tag="130"><subfield code="a">Manchester journal (Manchester, Mich.)</subfield></datafield><datafield ind1="1" ind2="0" tag="245"><subfield code="a">Manchester journal.</subfield></datafield><datafield ind1=" " ind2=" " tag="260"><subfield code="a">Manchester, Washtenaw County, Mich. :</subfield><subfield code="b">[s.n.]</subfield></datafield><datafield ind1=" " ind2=" " tag="300"><subfield code="a">v.</subfield></datafield><datafield ind1=" " ind2=" " tag="310"><subfield code="a">Weekly</subfield></datafield><datafield ind1="1" ind2=" " tag="362"><subfield code="a">Began in 1873; ceased in 1875?</subfield></datafield><datafield ind1=" " ind2=" " tag="500"><subfield code="a">Editor: G.R. Palmer.</subfield></datafield><datafield ind1=" " ind2=" " tag="500"><subfield code="a">Publisher: G.R. Palmer, &lt;1875&gt;.</subfield></datafield><datafield ind1=" " ind2=" " tag="588"><subfield code="a">Description based on: Vol. 1, no. 42 (Aug. 14, 1874).</subfield></datafield><datafield ind1="1" ind2=" " tag="700"><subfield code="a">Palmer, G. R.</subfield></datafield><datafield ind1=" " ind2=" " tag="752"><subfield code="a">United States</subfield><subfield code="b">Michigan</subfield><subfield code="c">Washtenaw</subfield><subfield code="d">Manchester.</subfield></datafield></record>